<?xml version="1.0" encoding="UTF-8"?><collection xmlns="http://www.loc.gov/MARC21/slim"><record><leader>00401nam--2200133-i-4500</leader><controlfield tag="001">000027915</controlfield><controlfield tag="002">20161230</controlfield><controlfield tag="005">20161230201037</controlfield><controlfield tag="008">060222s1000------------r-----000-0-eng-d</controlfield><datafield ind1=" " ind2=" " tag="100"><subfield code="a">Lee, Everett S./S.A.</subfield></datafield><datafield ind1=" " ind2=" " tag="245"><subfield code="a">Methodological considerations and reference. tables</subfield></datafield><datafield ind1=" " ind2=" " tag="260"><subfield code="a">Philadelphia, Amer.Phil.Soc., 1957, Xix + 759p</subfield></datafield><datafield ind1=" " ind2=" " tag="490"><subfield code="a">Population Redistribution And Economic Growth</subfield></datafield><datafield ind1=" " ind2=" " tag="852"><subfield code="a">14371</subfield></datafield></record></collection>